@article{smith2020,
  title={An Example Paper},
  author={Smith, John and Doe, Jane},
  year={2020},
  url={http://example.com}
}

@book{doe2018,
  title={A Book},
  author={Doe, Jane},
  year={2018}
}
