@article{smith2020,
  title={A Comprehensive Study on Citation Management},
  author={John Smith and Jane Smith},
  year={2020},
  journal={Journal of Acadec Writing},
  volume={15},
  pages={123--145},
  url={https://example.com/smith2020}
}

@book{doe2018,
  title={Advanced Note-Taking Techniques},
  author={Alice Doe},
  year={2018},
  publisher={Academic Press},
  address={New York},
  url={https://example.com/doe2018}
}

@inproceedings{jones2019,
  title={Digital Tools for Research},
  author={Bob Jones and Carol Brown},
  year={2019},
  booktitle={Proceedings of the International Conference on Digital Humanities},
  pages={67--89}
}