@article{smith2020,
  author = {Smith, John and Johnson, Alice},
  title = {Advances in Finite Element Analysis},
  journal = {International Journal of Computational Methods},
  year = {2020},
  volume = {17},
  pages = {123--145},
  doi = {10.1234/ijcm.2020.017}
}

@article{doe2018,
  author = {Doe, Jane and Brown, Robert},
  title = {Modern Techniques in Structural Analysis},
  journal = {Journal of Engineering Mechanics},
  year = {2018},
  volume = {144},
  number = {8},
  pages = {04018076},
  doi = {10.1061/(ASCE)EM.1943-7889.0001486}
}

@book{williams2019,
  author = {Williams, Michael},
  title = {Computational Methods for Engineers},
  publisher = {Academic Press},
  year = {2019},
  edition = {3rd}
}

@inproceedings{taylor2021,
  author = {Taylor, Sarah and Martinez, Carlos},
  title = {Advanced Topics in Numerical Analysis},
  booktitle = {Proceedings of the International Conference on Computational Methods},
  year = {2021},
  pages = {456--472},
  address = {Berlin, Germany}
}

@misc{anderson2022,
  author = {Anderson, David},
  title = {Online Resources for LaTeX and Technical Writing},
  url = {https://example.com/latex-resources},
  year = {2022}
}
